@misc{har75,
    title = {Equivalence Relations on Algebraic Cycles and Subvarieties of Small Codimension},
    author = {Robin Hartshorne},
    year = {1975},
    url = {https://www.ams.org/books/pspum/029/pspum029-endmatter.pd}
}
